<mx:record xmlns="http://www.w3.org/TR/xhtml1/strict" xmlns:mx="http://www.loc.gov/MARC21/slim" xmlns:xsi="http://www.w3.org/2001/XMLSchema-instance"><mx:leader>00000cz   2200000n  4500</mx:leader><mx:controlfield tag="001">oca00115855 </mx:controlfield><mx:controlfield tag="005">20001005064740.0</mx:controlfield><mx:controlfield tag="008">810206n| acannaabn          |a aaa      </mx:controlfield><mx:datafield ind1=" " ind2=" " tag="010"><mx:subfield code="a">n  50082383 </mx:subfield></mx:datafield><mx:datafield ind1=" " ind2=" " tag="040"><mx:subfield code="a">DLC</mx:subfield><mx:subfield code="c">DLC</mx:subfield><mx:subfield code="d">DLC</mx:subfield><mx:subfield code="d">CU-S</mx:subfield><mx:subfield code="d">OOC</mx:subfield></mx:datafield><mx:datafield ind1="0" ind2=" " tag="100"><mx:subfield code="a">Jacobus,</mx:subfield><mx:subfield code="c">de Voragine,</mx:subfield><mx:subfield code="d">ca. 1229-1298</mx:subfield></mx:datafield><mx:datafield ind1="0" ind2=" " tag="400"><mx:subfield code="a">Jacobus de Varagine</mx:subfield><mx:subfield code="w">nnaa</mx:subfield></mx:datafield><mx:datafield ind1="0" ind2=" " tag="400"><mx:subfield code="a">Giacomo,</mx:subfield><mx:subfield code="c">da Varazze,</mx:subfield><mx:subfield code="d">ca. 1229-1298</mx:subfield></mx:datafield><mx:datafield ind1="0" ind2=" " tag="400"><mx:subfield code="a">Jacopo,</mx:subfield><mx:subfield code="c">da Voragine,</mx:subfield><mx:subfield code="d">ca. 1229-1298</mx:subfield></mx:datafield><mx:datafield ind1="0" ind2=" " tag="400"><mx:subfield code="a">James,</mx:subfield><mx:subfield code="c">of Voragine,</mx:subfield><mx:subfield code="d">ca. 1229-1298</mx:subfield></mx:datafield><mx:datafield ind1="1" ind2=" " tag="400"><mx:subfield code="a">De Voragine, Jacobus,</mx:subfield><mx:subfield code="d">ca. 1229-1298</mx:subfield></mx:datafield><mx:datafield ind1="0" ind2=" " tag="400"><mx:subfield code="a">Jacobus,</mx:subfield><mx:subfield code="c">a Voragine,</mx:subfield><mx:subfield code="d">ca. 1229-1298</mx:subfield></mx:datafield><mx:datafield ind1="0" ind2=" " tag="400"><mx:subfield code="a">Jacques,</mx:subfield><mx:subfield code="c">de Voragine,</mx:subfield><mx:subfield code="d">ca. 1229-1298</mx:subfield></mx:datafield><mx:datafield ind1="0" ind2=" " tag="400"><mx:subfield code="a">Jacobo,</mx:subfield><mx:subfield code="c">de Voragine,</mx:subfield><mx:subfield code="d">ca. 1229-1298</mx:subfield></mx:datafield><mx:datafield ind1="1" ind2=" " tag="400"><mx:subfield code="a">Voragine, Jacobus de,</mx:subfield><mx:subfield code="d">ca. 1229-1298</mx:subfield></mx:datafield><mx:datafield ind1="1" ind2=" " tag="400"><mx:subfield code="a">Varagine, Jacobus de,</mx:subfield><mx:subfield code="d">ca. 1229-1298</mx:subfield></mx:datafield><mx:datafield ind1="0" ind2=" " tag="400"><mx:subfield code="a">Jacopo,</mx:subfield><mx:subfield code="c">da Varagine,</mx:subfield><mx:subfield code="d">ca. 1229-1298</mx:subfield></mx:datafield><mx:datafield ind1="1" ind2=" " tag="400"><mx:subfield code="a">Varazze, Giacomo da,</mx:subfield><mx:subfield code="d">ca. 1229-1298</mx:subfield></mx:datafield><mx:datafield ind1="0" ind2=" " tag="400"><mx:subfield code="a">Giacomo,</mx:subfield><mx:subfield code="c">da Voragine,</mx:subfield><mx:subfield code="d">ca. 1229-1298</mx:subfield></mx:datafield><mx:datafield ind1="0" ind2=" " tag="400"><mx:subfield code="a">Iacopo,</mx:subfield><mx:subfield code="c">da Varazze,</mx:subfield><mx:subfield code="d">ca. 1229-1298</mx:subfield></mx:datafield><mx:datafield ind1="1" ind2=" " tag="400"><mx:subfield code="a">Varazze, Iacopo da,</mx:subfield><mx:subfield code="d">ca. 1229-1298</mx:subfield></mx:datafield><mx:datafield ind1="0" ind2=" " tag="400"><mx:subfield code="a">Giacomo,</mx:subfield><mx:subfield code="c">da Varagine,</mx:subfield><mx:subfield code="d">ca. 1229-1298</mx:subfield></mx:datafield><mx:datafield ind1="1" ind2=" " tag="400"><mx:subfield code="a">Varagine, Giacomo da,</mx:subfield><mx:subfield code="d">ca. 1229-1298</mx:subfield></mx:datafield><mx:datafield ind1="1" ind2=" " tag="400"><mx:subfield code="a">Voragine, Jacopo da,</mx:subfield><mx:subfield code="d">ca. 1229-1298</mx:subfield></mx:datafield><mx:datafield ind1="1" ind2=" " tag="400"><mx:subfield code="a">Voragine, Giacomo da,</mx:subfield><mx:subfield code="d">ca. 1229-1298</mx:subfield></mx:datafield><mx:datafield ind1="0" ind2=" " tag="400"><mx:subfield code="a">Jacobus,</mx:subfield><mx:subfield code="c">de Varagine,</mx:subfield><mx:subfield code="d">ca. 1229-1298</mx:subfield></mx:datafield><mx:datafield ind1="0" ind2=" " tag="400"><mx:subfield code="a">Jakub,</mx:subfield><mx:subfield code="c">de Voragine,</mx:subfield><mx:subfield code="d">ca. 1229-1298</mx:subfield></mx:datafield><mx:datafield ind1="1" ind2=" " tag="400"><mx:subfield code="a">Voragine, Jakub de,</mx:subfield><mx:subfield code="d">ca. 1229-1298</mx:subfield></mx:datafield><mx:datafield ind1="0" ind2=" " tag="400"><mx:subfield code="a">Santiago,</mx:subfield><mx:subfield code="c">de la Vorágine,</mx:subfield><mx:subfield code="d">ca. 1229-1298</mx:subfield></mx:datafield><mx:datafield ind1="0" ind2=" " tag="400"><mx:subfield code="a">Santiago,</mx:subfield><mx:subfield code="c">de Varazze,</mx:subfield><mx:subfield code="d">ca. 1229-1298</mx:subfield></mx:datafield><mx:datafield ind1="1" ind2=" " tag="400"><mx:subfield code="a">Varazze, Santiago de,</mx:subfield><mx:subfield code="d">ca. 1229-1298</mx:subfield></mx:datafield><mx:datafield ind1="1" ind2=" " tag="400"><mx:subfield code="a">Vorágine, Santiago de la,</mx:subfield><mx:subfield code="d">ca. 1229-1298</mx:subfield></mx:datafield><mx:datafield ind1="0" ind2=" " tag="400"><mx:subfield code="a">Iacobus,</mx:subfield><mx:subfield code="c">de Voragine,</mx:subfield><mx:subfield code="d">ca. 1229-1298</mx:subfield></mx:datafield><mx:datafield ind1="0" ind2=" " tag="400"><mx:subfield code="a">Jacobus,</mx:subfield><mx:subfield code="c">of Voragine,</mx:subfield><mx:subfield code="d">ca. 1229-1298</mx:subfield></mx:datafield><mx:datafield ind1=" " ind2=" " tag="670"><mx:subfield code="a">Encyc. Brit., c1972</mx:subfield><mx:subfield code="b">(Jacobus de Voragine, 1228/9-1298; archbp. of Genoa); Americana, c1975 (James of Voragine, 1230-1298; archbp. of Genoa in 1292)</mx:subfield></mx:datafield><mx:datafield ind1=" " ind2=" " tag="670"><mx:subfield code="a">Encic. ital.</mx:subfield><mx:subfield code="b">(Giacomo da Varagine: v. Iacopo da Varazze; under article of Iacopo da Varazze (Jacobus de Voragine); b. 1228 or 30 &amp; d. 1298)</mx:subfield></mx:datafield><mx:datafield ind1=" " ind2=" " tag="670"><mx:subfield code="a">His Jacobi a Voragine Legenda aurea, 1890:</mx:subfield><mx:subfield code="b">t.p. (Jacobus a Voragine)</mx:subfield></mx:datafield><mx:datafield ind1=" " ind2=" " tag="670"><mx:subfield code="a">His La légende dorée, 1942:</mx:subfield><mx:subfield code="b">t.p. (Jacques de Voragine)</mx:subfield></mx:datafield><mx:datafield ind1=" " ind2=" " tag="670"><mx:subfield code="a">His Legendario delle vite de santi, 1571:</mx:subfield><mx:subfield code="b">t.p. (Jacobo de Voragine)</mx:subfield></mx:datafield><mx:datafield ind1=" " ind2=" " tag="670"><mx:subfield code="a">His Quattro leggende del beato Jacopo da Varagine, 1849:</mx:subfield><mx:subfield code="b">t.p. (Jacopo da Varagine)</mx:subfield></mx:datafield><mx:datafield ind1=" " ind2=" " tag="670"><mx:subfield code="a">His Legenda aurea, 1984, c1982:</mx:subfield><mx:subfield code="b">t.p. (Jakub de Voragine)</mx:subfield></mx:datafield><mx:datafield ind1=" " ind2=" " tag="670"><mx:subfield code="a">His La leyenda dorada, 1984:</mx:subfield><mx:subfield code="b">t.p. (Santiago de la Vorágine) p. 15 (Fray Santiago de Varazze)</mx:subfield></mx:datafield><mx:datafield ind1=" " ind2=" " tag="670"><mx:subfield code="a">His Incipit Legenda sanctorum, que Lombardica nominatur historia, ca. 1488:</mx:subfield><mx:subfield code="b">p. 3 (Frater Iacobus de Voragine)</mx:subfield></mx:datafield><mx:datafield ind1=" " ind2=" " tag="670"><mx:subfield code="a">His Mariale:; siue Sermones de beata Maria virgine, 1497:</mx:subfield><mx:subfield code="b">t.p., colophon (Jacobi de Voragine)</mx:subfield></mx:datafield><mx:datafield ind1=" " ind2=" " tag="670"><mx:subfield code="a">Anonymous 4 (Musical group). Legends of St. Nicholas [SR] p1999:</mx:subfield><mx:subfield code="b">booklet, p. 9 (Jacobus of Voragine)</mx:subfield></mx:datafield><mx:datafield ind1=" " ind2=" " tag="999"><mx:subfield code="a">457</mx:subfield></mx:datafield></mx:record>